@book{yugocaves,
   author = "Dr Neven Krešić",
   title = "Karst I Pećine Jugoslavije",
   year = "1988",
   publisher = "Naučna Knjiga",
}

@article{caveAirCirculation,
   author = "Yafit Kedar and Ran Barkai",
   title = "The Significance of Air Circulation and Hearth Location at Paleolithic Cave Sites",
   year = "2019",
   month = "6",
   journaltitle = "Open Quaternary",
   uri = "https://openquaternary.com/articles/10.5334/oq.52",
   publisher = "Ubiquity Press",
}

@article{cavefires,
   author = "Yafit Kedar and Gil Kedar and Ran Barkai",
   title = "Setting fire in a Paleolithic Cave: The influence of cave dimensions on smoke dispersal",
   year = "2020",
   journaltitle = "Journal of Archaeological Science",
   uri = "https://www.sciencedirect.com/journal/journal-of-archaeological-science-reports",
   publisher = "Elsevier",
}

@article{hypoxia,
   author = "Yafit Kedar and Gil Kedar and Ran Barkai",
   title = "Hypoxia in Paleolithic decorated caves: the use of artificial light in deep caves reduces oxygen concentration and induces altered states of consciousness",
   year = "2021",
   month = "3",
   journaltitle = "Time and Mind",
   uri = "https://www.tandfonline.com/doi/full/10.1080/1751696X.2021.1903177",
   publisher = "Taylor & Francis Group",
}
